@article{aiyar2020inequality,
  title = {Inequality of opportunity, inequality of income and economic growth},
  author = {Aiyar, Shekhar and Ebeke, Christian},
  journal = {World Development},
  volume = {136},
  pages = {105115},
  year = {2020},
  publisher = {Elsevier},
}
@article{gdim2018global,
  title = {Global database on intergenerational mobility},
  author = {GDIM, C},
  year = {2018},
  publisher = {Development Research Group, World Bank. World Bank Group
               Washington, DC},
}

