@article{chowdhury2024threshold,
  title = {The threshold effect of institutional quality on sovereign debt and
           economic stability},
  author = {Chowdhury, Mohammad Ashraful Ferdous and Prince, Ehsanur Rauf and
            Shoyeb, Mohammad and Abdullah, Mohammad},
  journal = {Journal of Policy Modeling},
  volume = {46},
  number = {1},
  pages = {39--59},
  year = {2024},
  publisher = {Elsevier},
}

